<record><leader>01745cam a2200421 i 45 0</leader><controlfield tag="001">6807298</controlfield><controlfield tag="003">OCoLC</controlfield><controlfield tag="005">20150218161306.0</controlfield><controlfield tag="008">140414s2015    nyu      b    001 0 eng  </controlfield><datafield ind1=" " ind2=" " tag="010"><subfield code="a">  2014010224</subfield></datafield><datafield ind1=" " ind2=" " tag="015"><subfield code="a">GBB4B2968</subfield><subfield code="2">bnb</subfield></datafield><datafield ind1="7" ind2=" " tag="016"><subfield code="a">016890196</subfield><subfield code="2">Uk</subfield></datafield><datafield ind1=" " ind2=" " tag="020"><subfield code="a">9780199914760</subfield></datafield><datafield ind1=" " ind2=" " tag="020"><subfield code="a">0199914761</subfield></datafield><datafield ind1=" " ind2=" " tag="035"><subfield code="a">ocn880808720</subfield></datafield><datafield ind1=" " ind2=" " tag="040"><subfield code="a">DLC</subfield><subfield code="b">eng</subfield><subfield code="e">rda</subfield><subfield code="c">DLC</subfield><subfield code="d">YDXCP</subfield><subfield code="d">BTCTA</subfield><subfield code="d">BDX</subfield><subfield code="d">OCLCF</subfield><subfield code="d">IUL</subfield><subfield code="d">CDX</subfield><subfield code="d">MEAUC</subfield><subfield code="d">UKMGB</subfield><subfield code="d">FSF</subfield><subfield code="d">OCLCO</subfield><subfield code="d">CHVBK</subfield><subfield code="d">PUL</subfield><subfield code="d">AEGMCT</subfield></datafield><datafield ind1=" " ind2=" " tag="042"><subfield code="a">pcc</subfield></datafield><datafield ind1="0" ind2="0" tag="050"><subfield code="a">HQ1075</subfield><subfield code="b">.E9293 2015</subfield></datafield><datafield ind1="0" ind2="0" tag="082"><subfield code="a">305.3</subfield><subfield code="2">23</subfield></datafield><datafield ind1=" " ind2=" " tag="090"><subfield code="a">HQ1075 .E9293 2015</subfield><subfield code="b">AEGMCT</subfield></datafield><datafield ind1="1" ind2=" " tag="100"><subfield code="a">Evans, Adrienne,</subfield><subfield code="e">author.</subfield></datafield><datafield ind1="1" ind2="0" tag="245"><subfield code="a">Technologies of sexiness :</subfield><subfield code="b">sex, identity, and consumer culture /</subfield><subfield code="c">Adrienne Evans and Sarah Riley.</subfield></datafield><datafield ind1=" " ind2="1" tag="264"><subfield code="a">Oxford ;</subfield><subfield code="a">New York :</subfield><subfield code="b">Oxford University Press,</subfield><subfield code="c">[2015]</subfield></datafield><datafield ind1=" " ind2=" " tag="300"><subfield code="a">xiv, 164 pages ;</subfield><subfield code="c">24 cm</subfield></datafield><datafield ind1=" " ind2=" " tag="336"><subfield code="a">text</subfield><subfield code="b">txt</subfield><subfield code="2">rdacontent</subfield></datafield><datafield ind1=" " ind2=" " tag="337"><subfield code="a">unmediated</subfield><subfield code="b">n</subfield><subfield code="2">rdamedia</subfield></datafield><datafield ind1=" " ind2=" " tag="338"><subfield code="a">volume</subfield><subfield code="b">nc</subfield><subfield code="2">rdacarrier</subfield></datafield><datafield ind1="1" ind2=" " tag="490"><subfield code="a">Sexuality, identity, and society series</subfield></datafield><datafield ind1=" " ind2=" " tag="504"><subfield code="a">Includes bibliographical references (pages 143-155) and index.</subfield></datafield><datafield ind1="0" ind2=" " tag="505"><subfield code="a">Preface -- Sex, identity and consumer culture -- Doubled stagnations : mapping debates -- Technologies of sexiness -- Pursuing pleasure -- Functioning feminists -- Constant regulation, constant repositioning and finding hope in "othering" -- References.</subfield></datafield><datafield ind1=" " ind2=" " tag="596"><subfield code="a">29</subfield></datafield><datafield ind1=" " ind2="0" tag="650"><subfield code="a">Gender identity.</subfield></datafield><datafield ind1=" " ind2="0" tag="650"><subfield code="a">Sex in popular culture.</subfield></datafield><datafield ind1=" " ind2="0" tag="650"><subfield code="a">Feminism.</subfield></datafield><datafield ind1=" " ind2="0" tag="650"><subfield code="a">Consumption (Economics)</subfield></datafield><datafield ind1="1" ind2=" " tag="700"><subfield code="a">Riley, Sarah,</subfield><subfield code="d">1970-</subfield><subfield code="e">author.</subfield></datafield><datafield ind1=" " ind2="0" tag="830"><subfield code="a">Sexuality, identity, and society series.</subfield></datafield><datafield ind1=" " ind2=" " tag="926"><subfield code="a">HQ1075 .E9293 2015</subfield><subfield code="w">LC</subfield><subfield code="c">1</subfield><subfield code="i">1007433749</subfield><subfield code="d">4/9/2015</subfield><subfield code="e">4/3/2015</subfield><subfield code="l">ON_SHELF</subfield><subfield code="m">GR_MACEWAN</subfield><subfield code="n">2</subfield><subfield code="p">$64.51</subfield><subfield code="r">Y</subfield><subfield code="s">Y</subfield><subfield code="t">BOOK</subfield><subfield code="u">2/18/2015</subfield></datafield></record>